@InProceedings{luong-pham-manning:2015:EMNLP,
  Title                    = {Effective Approaches to Attention-based Neural Machine Translation},
  Author                   = {Luong, Thang and Pham, Hieu and Manning, Christopher D.},
  Booktitle                = {Proceedings of the 2015 Conference on Empirical Methods in Natural Language Processing},
  Year                     = {2015},

  Address                  = {Lisbon, Portugal},
  Month                    = {September},
  Pages                    = {1412--1421},
  Publisher                = {Association for Computational Linguistics},

  Url                      = {http://aclweb.org/anthology/D15-1166}
}

@article{DBLP:journals/corr/ZarembaSV14,
  author    = {Wojciech Zaremba and Ilya Sutskever and Oriol Vinyals},
  title     = {Recurrent Neural Network Regularization},
  journal   = {CoRR},
  volume    = {abs/1409.2329},
  year      = {2014},
  url       = {http://arxiv.org/abs/1409.2329},
  timestamp = {Wed, 01 Oct 2014 15:00:04 +0200},
  biburl    = {http://dblp.uni-trier.de/rec/bib/journals/corr/ZarembaSV14},
  bibsource = {dblp computer science bibliography, http://dblp.org}
}

@inproceedings{birch2018wnmt,
    title = {Findings of the Second Workshop on Neural Machine Translation and Generation},
    author = {Alexandra Birch and Andrew Finch and Minh-Thang Luong and Graham Neubig and Yusuke Oda},
    booktitle = {The Second Workshop on Neural Machine Translation and Generation},
    year = {2018}
}

@article{DBLP:journals/corr/ChoMGBSB14,
  author    = {Kyunghyun Cho and
               Bart van Merrienboer and
               {\c{C}}aglar G{\"{u}}l{\c{c}}ehre and
               Fethi Bougares and
               Holger Schwenk and
               Yoshua Bengio},
  title     = {Learning Phrase Representations using {RNN} Encoder-Decoder for Statistical
               Machine Translation},
  journal   = {CoRR},
  volume    = {abs/1406.1078},
  year      = {2014},
  url       = {http://arxiv.org/abs/1406.1078},
  archivePrefix = {arXiv},
  eprint    = {1406.1078},
  timestamp = {Wed, 07 Jun 2017 14:43:08 +0200},
  biburl    = {https://dblp.org/rec/bib/journals/corr/ChoMGBSB14},
  bibsource = {dblp computer science bibliography, https://dblp.org}
}

@article{Hochreiter:1997:LSM:1246443.1246450,
 author = {Hochreiter, Sepp and Schmidhuber, J\"{u}rgen},
 title = {Long Short-Term Memory},
 journal = {Neural Comput.},
 issue_date = {November 15, 1997},
 volume = {9},
 number = {8},
 month = nov,
 year = {1997},
 issn = {0899-7667},
 pages = {1735--1780},
 numpages = {46},
 url = {http://dx.doi.org/10.1162/neco.1997.9.8.1735},
 doi = {10.1162/neco.1997.9.8.1735},
 acmid = {1246450},
 publisher = {MIT Press},
 address = {Cambridge, MA, USA},
} 

@article{distillation,
  Title                    = {Sequence-Level Knowledge Distillation},
  Author                   = {Y Kim and Alexander M. Rush},
  Journal                  = {CoRR},
  Year                     = {2016},
  Volume                   = {abs/1606.07947},

  Bibsource                = {dblp computer science bibliography, http://dblp.org},
  Timestamp                = {Fri, 01 Jul 2016 17:39:49 +0200}
}

@article{DBLP:journals/corr/CregoS16,
  author    = {Josep Maria Crego and
               Jean Senellart},
  title     = {Neural Machine Translation from Simplified Translations},
  journal   = {CoRR},
  volume    = {abs/1612.06139},
  year      = {2016},
  url       = {http://arxiv.org/abs/1612.06139},
  archivePrefix = {arXiv},
  eprint    = {1612.06139},
  timestamp = {Wed, 07 Jun 2017 14:41:55 +0200},
  biburl    = {https://dblp.org/rec/bib/journals/corr/CregoS16},
  bibsource = {dblp computer science bibliography, https://dblp.org}
}

@inproceedings{shi2017speeding,
  title={Speeding Up Neural Machine Translation Decoding by Shrinking Run-time Vocabulary},
  author={Shi, Xing and Knight, Kevin},
  booktitle={Proceedings of the 55th Annual Meeting of the Association for Computational Linguistics (Volume 2: Short Papers)},
  volume={2},
  pages={574--579},
  year={2017}
}

@inproceedings{vaswani2017attention,
  title={Attention is all you need},
  author={Vaswani, Ashish and Shazeer, Noam and Parmar, Niki and Uszkoreit, Jakob and Jones, Llion and Gomez, Aidan N and Kaiser, {\L}ukasz and Polosukhin, Illia},
  booktitle={Advances in Neural Information Processing Systems},
  pages={6000--6010},
  year={2017}
}

@article{bahdanau2014neural,
  title={Neural machine translation by jointly learning to align and translate},
  author={Bahdanau, Dzmitry and Cho, Kyunghyun and Bengio, Yoshua},
  journal={arXiv preprint arXiv:1409.0473},
  year={2014}
}

@article{sennrich2015neural,
  title={Neural machine translation of rare words with subword units},
  author={Sennrich, Rico and Haddow, Barry and Birch, Alexandra},
  journal={arXiv preprint arXiv:1508.07909},
  year={2015}
}

@article{DBLP:journals/corr/Devlin17,
  author    = {Jacob Devlin},
  title     = {Sharp Models on Dull Hardware: Fast and Accurate Neural Machine Translation
               Decoding on the {CPU}},
  journal   = {CoRR},
  volume    = {abs/1705.01991},
  year      = {2017},
  url       = {http://arxiv.org/abs/1705.01991},
  archivePrefix = {arXiv},
  eprint    = {1705.01991},
  timestamp = {Wed, 07 Jun 2017 14:41:13 +0200},
  biburl    = {https://dblp.org/rec/bib/journals/corr/Devlin17},
  bibsource = {dblp computer science bibliography, https://dblp.org}
}

@article{DBLP:journals/corr/abs-1803-02155,
  author    = {Peter Shaw and
               Jakob Uszkoreit and
               Ashish Vaswani},
  title     = {Self-Attention with Relative Position Representations},
  journal   = {CoRR},
  volume    = {abs/1803.02155},
  year      = {2018},
  url       = {http://arxiv.org/abs/1803.02155},
  archivePrefix = {arXiv},
  eprint    = {1803.02155},
  timestamp = {Tue, 10 Apr 2018 20:50:05 +0200},
  biburl    = {https://dblp.org/rec/bib/journals/corr/abs-1803-02155},
  bibsource = {dblp computer science bibliography, https://dblp.org}
}

@inproceedings{KleinKDSR17,
  author    = {Guillaume Klein and
               Yoon Kim and
               Yuntian Deng and
               Jean Senellart and
               Alexander M. Rush},
  title     = {OpenNMT: Open-Source Toolkit for Neural Machine Translation},
  booktitle = {Accepted to ACL 2017 Conference Demo Papers},
  year = {2017},
  address = {Vancouver, Canada},
  month = {August},
  publisher = {Association for Computational Linguistics}
}

